@Book{cfd_ferziger_peric,
  Title                    = {Computational Methods for Fluid Dynamics},
  Author                   = {Ferziger, J.H. and Peri\v{c}, M.},
  Publisher                = {Springer},
  Year                     = {2002}
}

@article{duval1966admiral,
	title={Admiral Marcq de Blond de St. Hilaire},
	author={Duval, R Ch},
	journal={The Journal of Navigation},
	volume={19},
	number={2},
	pages={209--212},
	year={1966},
	publisher={Cambridge University Press}
}
